<?xml version="1.0" encoding="UTF-8"?><collection><record><leader>07391ntm a2200613 a 4500</leader><controlfield tag="001">006814123</controlfield><controlfield tag="003">MiAaHDL</controlfield><controlfield tag="005">20190719000000.0</controlfield><controlfield tag="006">m        d        </controlfield><controlfield tag="007">cr bn ---auaua</controlfield><controlfield tag="008">090608q17501799xx            00| ||per d</controlfield><datafield tag="035" ind1=" " ind2=" "><subfield code="a">(MiU)006814123</subfield></datafield><datafield tag="035" ind1=" " ind2=" "><subfield code="a">sdr-miu006814123</subfield></datafield><datafield tag="040" ind1=" " ind2=" "><subfield code="a">MiU</subfield><subfield code="c">MiU</subfield><subfield code="e">amremm</subfield></datafield><datafield tag="043" ind1=" " ind2=" "><subfield code="a">n-us-mi</subfield></datafield><datafield tag="100" ind1="1" ind2=" "><subfield code="6">880-01</subfield><subfield code="a">Khvājū-yi Kirmānī, Maḥmūd ibn ʻAlī,</subfield><subfield code="d">1290 or 1291-1352?</subfield></datafield><datafield tag="240" ind1="1" ind2="0"><subfield code="6">880-02</subfield><subfield code="a">Rawz̤at al-anvār</subfield></datafield><datafield tag="245" ind1="1" ind2="0"><subfield code="6">880-03</subfield><subfield code="a">Kitāb-i Rawz̤at al-anvār,</subfield><subfield code="f">[late 18th century?].</subfield></datafield><datafield tag="246" ind1="3" ind2=" "><subfield code="a">كتاب روضة الانوار</subfield></datafield><datafield tag="260" ind1=" " ind2=" "><subfield code="c">[1750-1799].</subfield></datafield><datafield tag="300" ind1=" " ind2=" "><subfield code="a">41 leaves :</subfield><subfield code="b">paper ;</subfield><subfield code="c">330 x 200 (200 x 91) mm.</subfield></datafield><datafield tag="500" ind1=" " ind2=" "><subfield code="a">Shelfmark: Ann Arbor, University of Michigan, Special Collections Library, Isl. Ms. 315</subfield></datafield><datafield tag="500" ind1=" " ind2=" "><subfield code="a">Origin: Lacks dated colophon ; on the whole, perhaps later 18th or even early 19th century with carpet pages possibly 17th (opening double-page) and later 18th century (second double-page).</subfield></datafield><datafield tag="500" ind1=" " ind2=" "><subfield code="a">Former shelfmark: "191 T. De M. [i.e. Tammaro De Marinis]" and "257" in pencil, "6" in ink, all on recto of opening leaf.</subfield></datafield><datafield tag="500" ind1=" " ind2=" "><subfield code="a">Binding: Heavy pasteboards covered in painted lacquerwork, spine in black leather ; Type III binding (without flap) ; doublures in fine painted lacquerwork featuring tall narcissus-like plant with leaves in shades of green and flowers and buds in yellow with pink accents at the head of a central stalk, accompanied by other flowers in blue, white and shades of pink, all on a red ground with border in black with gold accents (composition of upper doublure mirrors that of lower doublure) ; upper and lower covers bear paintings evoking traditional bookcover design with scalloped mandorla, pendants, cornerpieces and elaborate borders all filled with swirling vegetal design with floral motifs in shades of gold, red, pink, blue, yellow, and white on grounds of green, yellow, black and red ; now sewn in white thread, two stations ; worked chevron endbands in red and white, some damage to headband ; overall in poor condition with significant losses of lacquer, pigment and board sustained by upper and lower covers, crazing and cracking in doublures, some delamination of boards, etc.</subfield></datafield><datafield tag="500" ind1=" " ind2=" "><subfield code="a">Support: Written area possibly in non-European (likely Persian or Indian) laid paper and mounted in leaves of non-European (5-6 laid lines per cm., horizontal, curved, no chains visible, quite sturdy and well-burnished) and occasionally European laid paper (10 laid lines per cm., vertical, chain lines spaced 30-32 mm. apart, horizontal, scrollwork watermarks) ; margins mainly surface-dyed pink or yellow ; some breakthrough at frames ; thin, orange surface-dyed slips protect illumination at later section opening and tailpiece.</subfield></datafield><datafield tag="500" ind1=" " ind2=" "><subfield code="a">Decoration: Exquisite illuminated carpet pages (anepigraphic frontispieces) at opening ; initial double-page illumination with each page consisting of central ornament in the form of an eight-pointed star, pendants and cornerpieces filled with arabesques and floral accents in gold, turquoise, red, blue, etc. on grounds of blue (lapis), black and gold set in a field of gold floral vegetal motifs, likely taken from another manuscript and mounted here ; next double-page illumination with each page carrying central eight-pointed star with pendants filled with small floral motifs in pink, yellow, blue, white, etc. on a gold ground set in a narrow central panel defined by elaborate borders and filled with rich floral vegetal decoration (with sāz leaves, large floral motifs, etc.) in gold with red, blue and yellow accents, also likely taken from a different manuscript ; double-page illumination at opening carries text in 13 lines per page set off by gold cloud-bands (written area set into page) surrounded by a border richly decorated with small floral motifs in shades of pink, yellow, blue, orange, etc. on a field of blue defined by bands of yellow, blue and gold interlace with outermost vertical stalks (tīgh) in gold and blue ; written area elsewhere throughout surrounded by heavy band of blue with gold vegetal design and outermost bands of red, gold and blue, divisions within defined by gold bands and vegetal designs, additional bands define outer margin ; simple illuminated headpieces (ʻunwān / sarlawḥ) in the form of small rectangular pieces with empty gold cartouches appear at section openings ; text throughout set off by gold cloud-bands.</subfield></datafield><datafield tag="500" ind1=" " ind2=" "><subfield code="a">Script: Nastaʻlīq ; exquisite hand in a medium line ; serifless, with effect of words descending to baseline, elongation and contrasting thickness of horizontal strokes.</subfield></datafield><datafield tag="500" ind1=" " ind2=" "><subfield code="a">Layout: Written mainly in 29 lines per page, with written area divided to three columns ; frame-ruled.</subfield></datafield><datafield tag="500" ind1=" " ind2=" "><subfield code="a">Collation: 4 (4), 8 II(36), II+1 (41) ; almost exclusively binions ; catchwords present in lower left corner of written area ;</subfield></datafield><datafield tag="500" ind1=" " ind2=" "><subfield code="a">Explicit: "تیغ زبان بیش نشاید کشید سخن کن چوبمقطع رسید تمت كتاب روضه الانوار افضل المتكلمين كمال الملة والدين خواجو كرمانى نور الله قبره بعون الله تعالى وفضله وجوده"</subfield></datafield><datafield tag="500" ind1=" " ind2=" "><subfield code="a">Incipit: "زینت الروضة في الاول بسم آله الصمد المفضل"</subfield></datafield><datafield tag="500" ind1=" " ind2=" "><subfield code="a">Title from close.</subfield></datafield><datafield tag="500" ind1=" " ind2=" "><subfield code="a">Ms. composite codex.</subfield></datafield><datafield tag="510" ind1="4" ind2=" "><subfield code="a">Dehghan, I. "Ḵh̲WĀd̲j̲ū, kamāl al-dīn abu 'l-ʿaṭāʾ maḥmūd b. ʿalī." In EI2,</subfield><subfield code="c">vol.IV, p.909, col.2</subfield></datafield><datafield tag="510" ind1="4" ind2=" "><subfield code="a">Browne,</subfield><subfield code="c">iii, 222-9</subfield></datafield><datafield tag="510" ind1="4" ind2=" "><subfield code="a">Cat. Pers. MSS. Prit. Mus.,</subfield><subfield code="c">p. 621</subfield></datafield><datafield tag="510" ind1="4" ind2=" "><subfield code="a">University of Michigan Library. Manuscripts &amp; papyri : an exhibition arranged for the XXVII International Congress of Orientalists. Ann Arbor, Michigan August 13-19, 1967. (Ann Arbor, MI [?], 1967),</subfield><subfield code="c">no.52 p.14</subfield></datafield><datafield tag="520" ind1="8" ind2=" "><subfield code="a">Splendid copy of the Ṣūfistic poem in 20 maqālahs and 2,224 bayts composed by Kamāl al-Dīn Abū al-ʻAṭāʼ Maḥmūd ibn ʻAlī Khvājū-yi Kirmānī (d.1352) for Shams al-Dīn Maḥmūd ibn Ṣāʼin, vizier of the Injūʼid ruler Abū Isḥāq Injū (r.1341-53). Fourth part of Khvājū's Khamsah, modeled on the Khamsah of Niẓāmī.</subfield></datafield><datafield tag="538" ind1=" " ind2=" "><subfield code="a">Mode of access: Internet.</subfield></datafield><datafield tag="541" ind1=" " ind2=" "><subfield code="c">Purchase ;</subfield><subfield code="a">Acquired by purchase (funds donated by Horace Rackham).</subfield><subfield code="d">1924.</subfield></datafield><datafield tag="546" ind1=" " ind2=" "><subfield code="a">Persian.</subfield></datafield><datafield tag="561" ind1=" " ind2=" "><subfield code="a">Inscriptions "191 T. De M. [i.e. Tammaro De Marinis]" and "257" in pencil, "6" in ink, all on recto of opening leaf ; collation statement on recto of opening leaf "۴۲ ورق كه ۳ ورق تذهيب است" ; effaced inscription on verso of final leaf ; fairly clean copy.</subfield></datafield><datafield tag="650" ind1=" " ind2="0"><subfield code="a">Manuscripts, Persian</subfield><subfield code="z">Michigan</subfield><subfield code="z">Ann Arbor.</subfield></datafield><datafield tag="650" ind1=" " ind2="0"><subfield code="a">Masnavis, Persian</subfield><subfield code="v">Early works to 1800.</subfield></datafield><datafield tag="650" ind1=" " ind2="0"><subfield code="a">Sufi poetry, Persian</subfield><subfield code="v">Early works to 1800.</subfield></datafield><datafield tag="650" ind1=" " ind2="0"><subfield code="a">Persian poetry</subfield><subfield code="y">747-1500.</subfield></datafield><datafield tag="655" ind1=" " ind2="7"><subfield code="a">Carpet pages</subfield><subfield code="y">18 century.</subfield><subfield code="2">aat</subfield></datafield><datafield tag="655" ind1=" " ind2="7"><subfield code="a">Carpet pages</subfield><subfield code="y">17 century.</subfield><subfield code="2">aat</subfield></datafield><datafield tag="700" ind1="0" ind2=" "><subfield code="a">Abdülhamid</subfield><subfield code="b">II,</subfield><subfield code="c">Sultan of the Turks,</subfield><subfield code="d">1842-1918,</subfield><subfield code="e">former owner.</subfield></datafield><datafield tag="773" ind1="0" ind2=" "><subfield code="a">Abdul Hamid Collection.</subfield></datafield><datafield tag="880" ind1="1" ind2="0"><subfield code="6">245-03/</subfield><subfield code="a">کتاب روضه الانوار,</subfield><subfield code="f">[پایان قرن 18م؟].</subfield></datafield><datafield tag="880" ind1="1" ind2="0"><subfield code="6">240-02/</subfield><subfield code="a">روضة الانوار</subfield></datafield><datafield tag="880" ind1="1" ind2=" "><subfield code="6">100-01/</subfield><subfield code="a">خواجوى كرمانى, محمود ابن على.</subfield></datafield><datafield tag="CID" ind1=" " ind2=" "><subfield code="a">006814123</subfield></datafield><datafield tag="DAT" ind1="0" ind2=" "><subfield code="a">20190719102638.0</subfield><subfield code="b">20190719000000.0</subfield></datafield><datafield tag="DAT" ind1="1" ind2=" "><subfield code="a">20190719090653.0</subfield><subfield code="b">2019-07-19T16:11:47Z</subfield></datafield><datafield tag="DAT" ind1="2" ind2=" "><subfield code="a">2015-10-02T18:00:03Z</subfield></datafield><datafield tag="CAT" ind1=" " ind2=" "><subfield code="a">SDR-MIU</subfield><subfield code="d">EX LIBRIS - ALEPH</subfield><subfield code="l">prepare.pl-004-008</subfield></datafield><datafield tag="FMT" ind1=" " ind2=" "><subfield code="a">BK</subfield></datafield><datafield tag="HOL" ind1=" " ind2=" "><subfield code="0">sdr-miu006814123</subfield><subfield code="a">MiU</subfield><subfield code="b">SDR</subfield><subfield code="c">MIU</subfield><subfield code="p">mdp.39015079128792</subfield><subfield code="s">MIU</subfield><subfield code="1">006814123</subfield></datafield><datafield tag="974" ind1=" " ind2=" "><subfield code="b">MIU</subfield><subfield code="c">MIU</subfield><subfield code="d">20190719</subfield><subfield code="s">lit-dlps-dc</subfield><subfield code="u">mdp.39015079128792</subfield><subfield code="y">1799</subfield><subfield code="r">pd</subfield><subfield code="q">bib</subfield><subfield code="t">non-US bib date2 &lt; 1879</subfield></datafield></record></collection>